@article{aday2003direct,
  title={Direct and indirect effects of gizzard shad on bluegill growth and population size structure},
  author={Aday, D Derek and Hoxmeier, R John H and Wahl, David H},
  journal={Transactions of the American Fisheries Society},
  volume={132},
  number={1},
  pages={47--56},
  year={2003},
  publisher={Taylor \& Francis}
}

@phdthesis{bodola1955life,
  title={The life history of the gizzard shad, Dorosoma cepedianum, in western Lake Erie},
  author={Bodola, A},
  year={1955},
  school={Doctoral dissertation. Ohio State University, Columbus}
}

@book{bolker2008ecological,
  title={Ecological models and data in R},
  author={Bolker, Benjamin M},
  year={2008},
  publisher={Princeton University Press}
}

@article{catalano2010size,
  title={A size-and age-structured model to estimate fish recruitment, growth, mortality, and gear selectivity},
  author={Catalano, Matthew J and Allen, Micheal S},
  journal={Fisheries Research},
  volume={105},
  number={1},
  pages={38--45},
  year={2010},
  publisher={Elsevier}
}

@article{ellner2016data,
  title={Data-driven modelling of structured populations},
  author={Ellner, Stephen P and Childs, Dylan Z and Rees, Mark and others},
  journal={A practical guide to the Integral Projection Model. Cham: Springer},
  year={2016},
  publisher={Springer}
}

@article{erickson2017integral,
  title={An integral projection model with YY-males and application to evaluating grass carp control},
  author={Erickson, Richard A and Eager, Eric A and Brey, Marybeth K and Hansen, Michael J and Kocovsky, Patrick M},
  journal={Ecological Modelling},
  volume={361},
  pages={14--25},
  year={2017},
  publisher={Elsevier}
}

@article{jester1972life,
  title={Life history and ecology of the gizzard shad, \emph{Dorosoma cepedianum} (Le Sueur) with reference to Elephant Butte Lake},
  author={Jester, Douglas B and Jensen, Buddy Lee and others},
  year={1972},
  publisher={New Mexico State University, Agricultural Experiment Station}
}

@article{jons1997ovarian,
  title={Ovarian weight as an index of fecundity, maturity, and spawning periodicity},
  author={Jons, GD and Miranda, LE},
  journal={Journal of Fish Biology},
  volume={50},
  number={1},
  pages={150--156},
  year={1997},
  publisher={Wiley Online Library}
}

@article{mather1995regeneration,
  title={Regeneration of nitrogen and phosphorus by bluegill and gizzard shad: effect of feeding history},
  author={Mather, Martha E and Vanni, Michael J and Wissing, Thomas E and Davis, Scott A and Schaus, Maynard H},
  journal={Canadian Journal of Fisheries and Aquatic Sciences},
  volume={52},
  number={11},
  pages={2327--2338},
  year={1995},
  publisher={NRC Research Press}
}

@article{merow2014advancing,
  title={Advancing population ecology with integral projection models: a practical guide},
  author={Merow, Cory and Dahlgren, Johan P and Metcalf, C Jessica E and Childs, Dylan Z and Evans, Margaret EK and Jongejans, Eelke and Record, Sydne and Rees, Mark and Salguero-G{\'o}mez, Roberto and McMahon, Sean M},
  journal={Methods in Ecology and Evolution},
  volume={5},
  number={2},
  pages={99--110},
  year={2014},
  publisher={Wiley Online Library}
}

@article{michaletz2010overwinter,
  title={Overwinter survival of age-0 gizzard shad in Missouri reservoirs spanning a productivity gradient: roles of body size and winter severity},
  author={Michaletz, Paul H},
  journal={Transactions of the American Fisheries Society},
  volume={139},
  number={1},
  pages={241--256},
  year={2010},
  publisher={Taylor \& Francis}
}

@article{pierce1981aspects,
  title={Aspects of the feeding ecology of gizzard shad in Acton Lake, Ohio},
  author={Pierce, Robert J and Wissing, Thomas E and Megrey, Bernard A},
  journal={Transactions of the American Fisheries Society},
  volume={110},
  number={3},
  pages={391--395},
  year={1981},
  publisher={Wiley Online Library}
}

@article{rees2014building,
  title={Building integral projection models: a user's guide},
  author={Rees, Mark and Childs, Dylan Z and Ellner, Stephen P},
  journal={Journal of Animal Ecology},
  volume={83},
  number={3},
  pages={528--545},
  year={2014},
  publisher={Wiley Online Library}
}

@article{schaus2000effects,
  title={Effects of gizzard shad on phytoplankton and nutrient dynamics: role of sediment feeding and fish size},
  author={Schaus, Maynard H and Vanni, Michael J},
  journal={Ecology},
  volume={81},
  number={6},
  pages={1701--1719},
  year={2000},
  publisher={Wiley Online Library}
}

@article{vanni2005linking,
  title={Linking landscapes and food webs: effects of omnivorous fish and watersheds on reservoir ecosystems},
  author={Vanni, Michael J and Arend, Kristin K and Bremigan, Mary T and Bunnell, David B and Garvey, James E and Gonzalez, Maria J and Renwick, William H and Soranno, Patricia A and Stein, Roy A},
  journal={BioScience},
  volume={55},
  number={2},
  pages={155--167},
  year={2005},
  publisher={American Institute of Biological Sciences}
}