
@phdthesis{bodola1955life,
  title={The life history of the gizzard shad, Dorosoma cepedianum (Lesueur), in western Lake Erie},
  author={Bodola, Anthony},
  year={1955},
  school={The Ohio State University}
}

@article{michaletz2012gizzard,
  title={Gizzard shad population dynamics in eutrophic Missouri reservoirs with emphasis on environmental influences on their growth},
  author={Michaletz, Paul H},
  journal={Journal of freshwater ecology},
  volume={27},
  number={2},
  pages={185--197},
  year={2012},
  publisher={Taylor \& Francis}
}

@article{catalano2010size,
  title={A size-and age-structured model to estimate fish recruitment, growth, mortality, and gear selectivity},
  author={Catalano, Matthew J and Allen, Micheal S},
  journal={Fisheries Research},
  volume={105},
  number={1},
  pages={38--45},
  year={2010},
  publisher={Elsevier}
}